@article{smps,
	title = {Switched-mode power supply},
	date = {2017-11-16},
	url = {http://www.eetimes.com/document.asp?doc_id=1225701},
	urldate = {19.11.2017},
}

@Manual{SMPS-topologies,
	author = {L. Wuidart},
	title = {Topologies for Switch Mode Power Supplies.pdf},
	date = {2017-10-18},
}

@article{mosfet-switch2,
	author = {Peter Markowski},
	title = {Estimating MOSFET switching losses means higher performance buck converters},
	journaltitle = {EETimes},
	date = {2002-11-12},
	url = {http://www.eetimes.com/document.asp?doc_id=1225701},
	urldate = {26.5.2016},
}


@article{buck-converter,
	author = {Editorial Team},
	title = {Discontinuous Conduction Mode of Simple Converters},
	journaltitle = {All About Circuits},
	date = {2015-06-11},
	url = {https://www.allaboutcircuits.com/technical-articles/discontinuous-conduction-mode-of-simple-converters/},
	urldate = {19.11.2017},
}

@book{IKN-book,
	author = {James F. Kurose and Keith W. Ross},
	title = {Computer Networking - A Top-Down Approach},
	date = {2012-03-05},
}

